<?xml version="1.0" encoding="UTF-8"?><collection xmlns="http://www.loc.gov/MARC21/slim"><record><leader>00572nam--2200181-i-4500</leader><controlfield tag="001">000028849</controlfield><controlfield tag="002">20161230</controlfield><controlfield tag="005">20161230201037</controlfield><controlfield tag="008">060222s1000------------r-----000-0-fre-d</controlfield><datafield ind1=" " ind2=" " tag="040"><subfield code="a">IFIN-HH</subfield></datafield><datafield ind1=" " ind2=" " tag="041"><subfield code="a">fre</subfield></datafield><datafield ind1=" " ind2=" " tag="080"><subfield code="a">532.5.031(043)</subfield></datafield><datafield ind1="1" ind2=" " tag="100"><subfield code="a">Laporte, Roland</subfield></datafield><datafield ind1="1" ind2="0" tag="245"><subfield code="a">Le profil deformable en hydrodynamique plane. (fluide parfait incompressible en mouvement irrotationnel)</subfield><subfield code="b">These</subfield><subfield code="c">Roland laporte</subfield></datafield><datafield ind1=" " ind2=" " tag="260"><subfield code="a">MONTPELlIER</subfield><subfield code="b">Universite Des Sciences Et Techniques Du Languedoc</subfield><subfield code="c">1976</subfield></datafield><datafield ind1=" " ind2=" " tag="300"><subfield code="a">113P</subfield></datafield><datafield ind1=" " ind2=" " tag="852"><subfield code="a">44842</subfield><subfield code="c">532</subfield></datafield><datafield ind1=" " ind2=" " tag="CAT"><subfield code="a">Sys</subfield><subfield code="c">20110113</subfield><subfield code="h">150411</subfield></datafield></record></collection>